 %
 % $RCSfile: literatur.bib,v $
 %
 % Copyright (c) 1999-2002. Jens Bohl. All rights reserved.
 %
 % This software is published under the GPL GNU General Public License.
 % This program is free software; you can redistribute it and/or
 % modify it under the terms of the GNU General Public License
 % as published by the Free Software Foundation; either version 2
 % of the License, or (at your option) any later version.
 %
 % This program is distributed in the hope that it will be useful,
 % but WITHOUT ANY WARRANTY; without even the implied warranty of
 % MERCHANTABILITY or FITNESS FOR A PARTICULAR PURPOSE. See the
 % GNU General Public License for more details.
 %
 % You should have received a copy of the GNU General Public License
 % along with this program; if not, write to the Free Software
 % Foundation, Inc., 59 Temple Place - Suite 330, Boston, MA  02111-1307, USA.
 %
 % http://www.resmedicinae.org
 % - Information in Medicine -

 %This document lists all the literature used within the diploma.

@misc{avalon,
    title ={Apache Jakarta Avalon Framework},
    howpublished ={http://jakarta.apache.org/avalon/index.html},
    organization = {Open Source Software Project. Apache License.}
    year =  2002
}

@misc{ch:swergonomie,
    title = {Ergonomische Gestaltung von Benutzerschnittstellen},
    author = {Friedrich Strauss},
    howpublished ={Vortrag},
    year = 2001
}

@misc{ch:separationofconcern,
    title = {Separation of Concern mit Rollen, Subjekten und Aspekten},
    author = {Ralph Depke, Katharina Mehner},
    howpublished = {http://www.info.uni-karlsruhe.de/~pulvermu/workshops/aop2001/beitraege/depke.pdf}
    school ={Universität Paderborn},
    year = 2001
}

@book{ch:entwurfsmuster,
    title = {Entwurfsmuster--Elemente wiederverwendbarer objektorientierter Software},
    author = {Erich Gamma, Richard Helm, Ralph Johnson et al.},
    publisher ={Bonn: Addison-Wesley},
    year = 1996
}


@book{ch:patternlanguage,
    title = {A Pattern Language},
    author = {Christopher Alexander, Sara Ishikawa, Muray Silverstein et al.},
    publisher ={New York: Oxford University Press},
    year = 1977
}

@book{ch:patternarchitektur,
    title = {Patternorientierte Softwarearchitektur},
    author = {Frank Buschmann, Regine Meunier, Hans Rohnert et al.},
    publisher ={Bonn: Addison-Wesley},
    year = 1998
}

@book{ch:idioms,
    title = {Advanced C++ --Programming Styles and Idioms},
    author = {J. O. Coplien},
    publisher ={Bonn: Addison-Wesley},
    year = 1992
}

@book{ch:swtechnik,
    title = {Softwaretechnik--Praxiswissen für Software-Ingenieure},
    author = {Peter Brössler, Johannes Siedersleben},
    publisher ={München: Hanser Verlag},
    organization = {sdm AG, München},
    year = 2000
}

@book{ch:analysedoc,
    title = {Analysedokument zur Erstellung eines Informationssystems für den Einsatz in der Medizin},
    author = {Christian Heller, Karsten Hilbert, Roland Colberg et al.},
    year = 2002
}

@inproceedings{ch:pree,
    author = {W. Pree},
    booktitle = {Proceedings of ECOOP '94},
    title = {Meta Patterns -- A Means for Capturing the Essentials of Reusable Object-Oriented Design},
    year = {1994},
    pages = {150-162}
}

@book{ch:omg,
    author = {OMG},
    title = {The Common Object Request Broker: Architecture and Specification},
    year = 1992
}

@misc{ch:aspekte,
    author = {Bernd Fix},
    title = {Aspekt-orientierte Programmierung -- Eine Einführung},
    year = 2001,
    howpublished = {http://www.brainon.ch/area51/visions/AspectJ.pdf},
    organization = {brain://on - Realisierung und Konvertierung von Informationsstrukturen}
}
@BOOK{sw-ergonomie,
  AUTHOR =       "Michael Herczeg",
  TITLE =        "Software-Ergonomie : Grundlagen der Mensch-Computer-Kommunikation",
  PUBLISHER =    "Bonn, Paris: Addison-Wesley",
  YEAR =         "1994"
}
@MISC{hmvc,
  author =       "Jason Cai, Ranjit Kapila, Gaurav Pal ",
  title =        "HMVC: The layered pattern for developing strong client tiers",
  howpublished = "http://www.javaworld.com",
  YEAR =         "2001"

}
@MISC{aspectj,
  title =        "AspectJ",
  howpublished = "http://aspectj.org",
  YEAR =         "2002"
}

@MASTERSTHESIS{reform,
  AUTHOR =       "Torsten Kunze",
  TITLE =        "Untersuchung zur Realisierbarkeit einer technologieneutralen
                    Mapping-Schicht für den Datenaustausch am Beispiel einer
                    Anwendung zum medizinischen Formulardruck als integrativer
                    Bestandteil eines Electronic Health Record (EHR)",
  SCHOOL =       "Technische Universität Ilmenau",
  YEAR =         "2003",
  type =         "Diplomarbeit",
}

@MASTERSTHESIS{chrissy,
  AUTHOR =       "Christian Heller",
  TITLE =        "Entwicklung eines Praktikumsversuches zu Neuronalen Netzen auf der Basis von Borland Delphi",
  SCHOOL =       "Technische Universität Ilmenau",
  YEAR =         "1997",
  type =         "Diplomarbeit",
}

@MISC{cybop,
  author =       {Christian Heller},
  title =        {Cybernetics Oriented Programming},
  howpublished = {http://resmedicinae.sourceforge.net/model/design/cybop/index.html},
  year =         "2002"
}

@MISC{openehr,
  title =        "Open EHR",
  howpublished = "http://www.openehr.org",
  organization = {Open EHR},
  YEAR =         "2002"
}
