%
% $RCSfile: references.bib,v $
%
% Copyright (c) 2001-2004. Christian Heller. All rights reserved.
%
% No copying, altering, distribution or any other actions concerning this
% document, except after explicit permission by the author!
% At some later point in time, this document is planned to be put under
% the GNU FDL license. For now, _everything_ is _restricted_ by the author.
%
% http://www.cybop.net
% - Cybernetics Oriented Programming -
%
% http://www.resmedicinae.org
% - Information in Medicine -
%
% %author Christian Heller <christian.heller (at) tuxtax.de>
%

@book{alexander,
    key = "alexander",
    author = "Alexander, Christopher and Ishikawa, Sara and Silverstein, Muray and et al.",
    title = "A Pattern Language",
    address = "New York",
    publisher = "Oxford University Press",
    year = "1977"
}

@book{americanheritagedictionary,
    key = "americanheritagedictionary",
    editor = "Pickett, Joseph P. and et al.",
    title = "American Heritage Dictionary of the English Language",
    edition = "4",
    year = "2000",
    publisher = "Houghton Mifflin Company",
    address = "Boston",
    note = "http://www.bartleby.com/61/",
    annote = "ISBN: 0-395-82517-2"
}

@misc{aspectj,
    key = "aspectj",
    author = "AspectJ Project",
    title = "AspectJ: Aspect-Oriented Java Extension",
    year = "2002-2004",
    note = "http://aspectj.org"
}

@misc{aspectwerkz,
    key = "aspectwerkz",
    author = "AspectWerkz Project",
    title = "AspectWerkz: Simple, dynamic, lightweight and powerful AOP for Java",
    year = "2002-2004",
    note = "http://aspectwerkz.codehaus.org/"
}

@manual{avalon,
    key = "avalon",
    author = "Barbieri, Federico and Mazzocchi, Stefano and Fumagalli, Pierpaolo",
    title = "Apache Jakarta Avalon Framework",
    organization = "Apache Project",
    year = "2001-2004",
    note = "http://avalon.apache.org/"
}

@book{bach,
    key = "bach",
    author = "Bach, Mike",
    title = "XSL und XPath - verstaendlich und praxisnah. Transformation und Ausgabe von XML-Dokumenten mit XSL.",
    address = "Boston, Muenchen",
    publisher = "Addison-Wesley",
    note = "http://www.aw.com",
    year = "2000",
    annote = "ISBN 3-8273-1661-8"
}

@book{behme,
    key = "behme",
    author = "Behme, Henning and Mintert, Stefan",
    title = "XML in der Praxis. Professionelles Web-Publishing mit der Extensible Markup Language.",
    address = "Boston, Muenchen",
    publisher = "Addison-Wesley, http://www.aw.com",
    year = "2000",
    annote = "ISBN 3-8273-1636-7"
}

@mastersthesis{behrendt,
    key = "behrendt",
    author = "Behrendt, Dirk",
    title = "Erstellen eines Backup - Moduls unter Verwendung gaengiger Design Patterns aus dem ResMedLib Framework",
    school = "Technical University of Ilmenau",
    year = "2003",
    type = "Student Project (Studienarbeit)",
    address = "Ilmenau",
    month = "January",
    note = "http://www.cybop.net"
}

@book{bentley,
    key = "bentley",
    author = "Bentley, Jon",
    title = "Perlen der Programmierkunst. Programming Pearls.",
    address = "Boston, Muenchen",
    publisher = "Addison-Wesley, http://www.aw.com",
    year = "2000",
    annote = "ISBN 3-8273-1719-3"
}

@Book{bierzanek,
    key = "bierzanek",
    author = "Bierzanek, Remigiusz and Symonides, Janusz",
    title = "Prawo Miedzynarodowe Publiczne (citing S. E. Nahlik)",
    publisher = "Wydawnictwa Prawnicze (PWN)",
    year = "1999",
    address = "Warszawa",
    edition = "5",
    note = "http://www.wp-pwn.com.pl",
    annote = "ISBN 83-86702-82-6"
}

@manual{blueprints,
    key = "blueprints",
    title = "Java Blueprints",
    howpublished = "http://java.sun.com/blueprints/guidelines/designing\_enterprise\_applications/index.html",
    publisher = "Javasoft/Sun"
}

@mastersthesis{bohl,
    key = "bohl",
    author = "Bohl, Jens",
    title = "Moeglichkeiten der Gestaltung flexibler Software-Architekturen fuer Praesentationsschichten, dargestellt anhand episodenbasierter, medizinischer Dokumentation unter Einbeziehung topologischer Befundung",
    school = "Technical University of Ilmenau",
    year = "2003",
    type = "Master's Thesis (Diplomarbeit)",
    address = "Ilmenau",
    month = "January",
    note = "http://www.cybop.net"
}

@Book{box,
    key = "box",
    author = "Box, Don and Skonnard, Aaron and Lam, John",
    title = "Essential XML. Beyond Markup.",
    address = "Boston, Muenchen",
    publisher = "Addison-Wesley",
    note = "http://www.aw.com",
    year = "2000",
    annote = "ISBN 0-201-70914-7, ISBN 3-8273-1769-X (German version)"
}

@book{broessler,
    key = "broessler",
    author = "Broessler, Peter and Siedersleben, Johannes",
    title = "Softwaretechnik -- Praxiswissen fuer Software-Ingenieure",
    organization = "sdm AG, Muenchen",
    address = "Muenchen",
    publisher = "Hanser Verlag",
    year = "2000"
}

@book{brown,
    key = "brown",
    author = "Brown, Alan W.",
    title = "Large-Scale, Component-Based Development",
    series = "Object and Component Technology Series",
    address = "London, Sydney",
    publisher = "Prentice Hall PTR",
    note = "http://www.phptr.com",
    year = "2000",
    annote = "ISBN 0-13-088720-X"
}

@misc{browne,
    key = "browne",
    author = "Browne, Eric",
    title = "The Myth of Self-Describing XML",
    month = "September",
    year = "2003",
    note = "http://www.OceanInformatics.biz/publications/e2.pdf",
    annote = "http://www.OceanInformatics.biz/"
}

@misc{bruegger,
    key = "bruegger",
    author = "Bruegger, Bud P.",
    title = "[Open-outcomes-general] Re: [Openflow-dev] Re: PROforma papers...",
    howpublished = "open-outcomes-general Mailing List",
    month = "March",
    year = "2001",
    note = "http://www.geocrawler.com/archives/3/5445/2001/3/50/5350623/",
    annote = "http://lists.sourceforge.net/lists/listinfo/open-outcomes-general"
}

@booklet{buesch,
    key = "buesch",
    author = "Buesch, Andreas",
    title = "Vorlesung Medienpaedagogik \& Kommunikationswissenschaft I",
    howpublished = "PDF Document",
    address = "Katholische Fachhochschule Mainz",
    month = "June",
    year = "2003",
    note = "http://www.kfh-mainz.de/downloads/sasp/buesch/1sem_kompl.pdf"
}

@book{buschmann,
    key = "buschmann",
    author = "Buschmann, Frank and Meunier, Regine and Rohnert, Hans and et al.",
    title = "Pattern-orientierte Softwarearchitektur. Ein Pattern-System.",
    address = "Bonn, Boston, Muenchen",
    publisher = "Addison-Wesley",
    year = "1998",
    edition = "1. korr. Nachdruck 2000",
    note = "http://www.aw.com/",
    annote = "ISBN 3-8273-1282-5"
}

@booklet{cmanual,
    key = "cmanual",
    author = "Regionales Rechenzentrum fuer Niedersachsen/ Universitaet Hannover and Zentralinstitut fuer Angewandte Mathematik and Forschungszentrum Juelich GmbH",
    title = "Die Programmiersprache C",
    month = "March",
    year = "1991"
}

@incollection{cai,
    key = "cai",
    author = "Cai, Jason and Kapila, Ranjit and Pal, Gaurav",
    title = "HMVC: The layered pattern for developing strong client tiers.",
    publisher = "Java World",
    year = "2000",
    month = "July",
    note = "http://www.javaworld.com/javaworld/jw-07-2000/"
}

@book{cockburn1998,
    key = "cockburn1998",
    author = "Cockburn, Alistair",
    title = "Surviving Object-Oriented Projects",
    publisher = "Addison-Wesley, Pearson Education",
    year = "1998",
    address = "Boston, San Francisco, New York",
    annote = "ISBN 0-201-49834-0"
}

@book{cockburn2002,
    key = "cockburn2002",
    author = "Cockburn, Alistair",
    title = "Agile Software Development",
    publisher = "Addison-Wesley, Pearson Education",
    year = "2002",
    address = "Boston, San Francisco, New York",
    annote = "ISBN 0-201-69969-9"
}

@misc{commonlisp,
    key = "commonlisp",
    author = "Association of Lisp Users",
    title = "Object Oriented and Procedural Lisp",
    note = "http://www.lisp.org/table/objects.htm"
}

@book{connolly,
    key = "connolly",
    author = "Connolly, Thomas and Begg, Carolyn",
    title = "Database Systems -- A practical approach to design, implementation and management",
    address = "Harlow, Bonn, Boston, Muenchen",
    publisher = "Addison-Wesley",
    year = "2002",
    edition = "3"
}

@book{coplien,
    key = "coplien",
    author = "Coplien, J. O.",
    title = "Advanced C++ --Programming Styles and Idioms",
    address = "Bonn, Boston, Muenchen",
    publisher = "Addison-Wesley",
    year = "1992"
}

@book{corba,
    key = "corba",
    title = "The Common Object Request Broker: Architecture and Specification",
    organization = "OMG",
    year = "1992"
}

@misc{coverpages,
    key = "coverpages",
    author = "Cover Pages Project",
    title = "Cover Pages",
    howpublished = "Internet Web Site",
    month = "January",
    year = "2004",
    note = "http://xml.coverpages.org/sgml.html",
    annote = "Hosted by Oasis"
}

@booklet{cplusplusmanual,
    key = "cplusplusmanual",
    author = "Regionales Rechenzentrum fuer Niedersachsen/ Universitaet Hannover",
    title = "Die Programmiersprache C++",
    month = "April",
    year = "1994"
}

@misc{cybop,
    key = "cybop",
    author = "CYBOP Project",
    title = "Cybernetics Oriented Programming (CYBOP)",
    year = "2002-2004",
    note = "http://www.cybop.net"
}

@misc{daniel,
    key = "daniel",
    author = "Daniel, Stephen H.",
    title = "Notes for Ontology I: Dualism \& Behaviorism",
    howpublished = "Lecture Notes",
    year = "2003",
    note = "http://www-phil.tamu.edu/~sdaniel/Notes/dualism.html"
}

@misc{debian,
    key = "debian",
    author = "Debian Project",
    title = "Debian GNU/Linux",
    year = "1997-2004",
    note = "http://www.debian.org"
}

@misc{debianmed,
    key = "debianmed",
    author = "Debian-Med Project",
    title = "Debian-Med",
    year = "2002-2004",
    note = "http://www.debian.org/devel/debian-med/"
}

@techreport{depke,
    key = "depke",
    author = "Depke, Ralph and Mehner, Katharina",
    title = "Separation of Concern mit Rollen, Subjekten und Aspekten",
    institution = "Universitaet Paderborn",
    year = "2001",
    note = "http://www.info.uni-karlsruhe.de/~pulvermu/workshops/aop2001/beitraege/depke.pdf"
}

@manual{designmatrix,
    key = "designmatrix",
    title = "Design Matrix",
    organization = "Design Matrix -- Systems and Product Design",
    address = "http://www.designmatrix.com/bionics/"
}

@book{docbook,
    key = "docbook",
    author = "Walsh, Norman and Muellner, Leonard",
    title = "DocBook: The Definitive Guide",
    publisher = "O'REILLY",
    address = "http://www.oreilly.com/",
    month = "January",
    year = "2004",
    edition = "V4.3CR3",
    note = "http://docbook.org/"
}

@misc{dom,
    key = "dom",
    author = "World Wide Web Consortium (W3C)",
    title = "Document Object Model (DOM)",
    year = "2002",
    note = "http://www.w3.org/DOM/"
}

@book{duden,
    key = "duden",
    editor = "Wissenschaftlicher Rat der Dudenredaktion: Guenther Drosdowski ...",
    title = "Der Duden: in 12 Baenden; das Standardwerk zur deutschen Sprache",
    publisher = "Dudenverlag",
    address = "Mannheim; Leipzig; Wien; Zuerich",
    year = "1996",
    volume = "Duden, Rechtschreibung der deutschen Sprache.",
    edition = "21",
    note = "http://www.duden.de/"
}

@book{dunham,
    key = "dunham",
    author = "Dunham, Jeff",
    title = "Database Performance Tuning Handbook",
    address = "New York",
    publisher = "McGraw-Hill",
    year = "1998"
}

@book{einstein,
    key = "einstein",
    author = "Albert Einstein",
    title = "Ueber die spezielle und die allgemeine Relativitaetstheorie",
    address = "Wiesbaden",
    publisher = "Vieweg",
    year = "1992",
    note = "http://www.einstein-website.de"
}

@misc{fix,
    key = "fix",
    author = "Fix, Bernd (brain://on - Realisierung und Konvertierung von Informationsstrukturen)",
    title = "Aspekt-orientierte Programmierung -- Eine Einfuehrung",
    year = "2001",
    note = "http://www.brainon.ch/area51/visions/AspectJ.pdf"
}

@misc{foldoc,
    key = "foldoc",
    author = "Howe, Denis",
    title = "Free On-line Dictionary of Computing (FOLDOC)",
    howpublished = "Internet Database",
    month = "September",
    year = "2003",
    note = "http://wombat.doc.ic.ac.uk/foldoc/Dictionary.gz, http://www.foldoc.org/",
    annote = "Converted from the original database by Debian GNU/Linux"
}

@book{fowler1997,
    key = "fowler1997",
    author = "Fowler, Martin",
    title = "Analysis Patterns. Reusable Object Models.",
    howpublished = "http://www.martinfowler.com",
    address = "Boston, Muenchen",
    publisher = "Addison-Wesley",
    note = "http://www.aw.com",
    year = "1997",
    annote = "ISBN 3-8273-1434-8"
}

@book{fowler2002,
    key = "fowler2002",
    author = "Fowler, Martin and et al.",
    title = "Patterns of Enterprise Application Architecture (Information Systems Architecture)",
    howpublished = "http://www.martinfowler.com/isa/index.html",
    address = "Boston, Muenchen",
    publisher = "Addison-Wesley",
    note = "http://www.aw.com",
    year = "2001-2002"
}

@mastersthesis{friedrich,
    key = "friedrich",
    author = "Friedrich, K.",
    title = "Philosophie: Von der Antike bis zum Mittelalter - Thomas von Aquin",
    school = "Brandenburgische Technische Universitaet, Philosophie zwischen Weisheit und Wissenschaft",
    month = "January",
    year = "2001",
    type = "Student Presentation",
    address = "Cottbus",
    note = "http://www.evh.tu-cottbus.de/MaikKoch/TvA/node6.html"
}

@book{gamma1995,
    key = "gamma1995",
    author = "Gamma, Erich and Helm, Richard and Johnson, Ralph and Vlissides (Gang Of Four), John",
    title = "Design Patterns. Elements of reusable object oriented Software.",
    address = "Bonn, Boston, Muenchen",
    publisher = "Addison-Wesley",
    note = "http://www.aw.com",
    year = "1995",
    edition = "1",
    annote = "ISBN 0-201-63361-2, ISBN 3-8931-9950-0 (German version)"
}

@book{gamma2002,
    key = "gamma2002",
    author = "Gamma, Erich",
    title = "Patterns for Beginners",
    year = "2002",
    note = "http://c2.com/cgi/wiki?PatternsForBeginners/"
}

@misc{gnu,
    key = "gnu",
    author = "Free Software Foundation Inc.",
    title = "GNU and other Licenses",
    year = "1999",
    note = "http://www.gnu.org/licenses/licenses.html"
}

@misc{gnumed,
    key = "gnumed",
    author = "GNUmed Project",
    title = "Graphical User Interface forms",
    year = "2002-2004",
    note = "http://www.gnumed.org/screenshots.html"
}

@book{grand,
    key = "grand",
    author = "Grand, Mark",
    title = "Patterns in Java: A Catalog of Reusable Design Patterns Illustrated with UML",
    publisher = "Wiley Publishing",
    volume = "1",
    edition = "2",
    month = "October",
    year = "2002",
    address = "Hoboken, Indianapolis, Weinheim",
    note = "http://www.wiley.com/WileyCDA/WileyTitle/productCd-0471227293.html"
}

@book{gruber,
    key = "gruber",
    author = "Gruber, T. R.",
    title = "A Translation Approach to Portable Ontology Specifications",
    publisher = "Academic Press",
    year = "1993",
    month = "June",
    note = "http://www-ksl.stanford.edu/kst/what-is-an-ontology.html"
}

@book{gruhn,
    key = "gruhn",
    author = "Gruhn, Volker and Thiel, Andreas",
    title = "Komponentenmodelle. DCOM, JavaBeans, Enterprise JavaBeans, CORBA.",
    address = "Boston, Muenchen",
    publisher = "Addison-Wesley",
    note = "http://www.aw.com",
    year = "2000",
    annote = "ISBN 3-8273-1724-X"
}

@book{gumbel,
    key = "gumbel",
    author = "Gumbel, Markus and Vetter, Marcus and Cardenas, Carlos",
    title = "Java Standard Libraries: Java 2 Collections Framework und Generic Collection Library for Java",
    publisher = "Addison-Wesley",
    year = "2000",
    series = "Professionelle Programmierung",
    address = "Muenchen, Boston, San Francisco",
    edition = "An imprint of Pearson Education",
    annote = "ISBN 3-8273-1635-9"
}

@book{haase,
    key = "haase",
    author = "Haase, Oliver",
    title = "Kommunikation in verteilten Anwendungen",
    address = "Muenchen, Wien",
    publisher = "R. Oldenbourg Verlag",
    year = "2001"
}

@book{hamilton,
    key = "hamilton",
    author = "Hamilton, Graham and Cattell, Rick and Fisher, Maydene",
    title = "JDBC Database Access with Java",
    address = "Reading/ Mass., Bonn, Boston, Muenchen",
    publisher = "Addison-Wesley",
    year = "1997"
}

@techreport{han,
    key = "han",
    author = "Han, Ki-Joon",
    title = "SQL3 Standardization",
    institution = "Kon-Kuk University, Department of Computer Engeneering",
    year = "2002"
}

@misc{harrer,
    key = "harrer",
    author = "Harrer, Andreas",
    title = "Muster in der Software-Technik (Skript und Materialien zur Vorlesung)",
    year = "2002",
    note = "http://wwwbruegge.in.tum.de/teaching/ss02/muster/"
}

@book{hartwig,
    key = "hartwig",
    author = "Hartwig, Jens",
    title = "PostgreSQL, Professionell und praxisnah",
    address = "Muenchen",
    publisher = "Addison-Wesley",
    year = "2001"
}

@mastersthesis{heller1997,
    key = "heller1997",
    author = "Heller, Christian",
    title = "Entwicklung eines Praktikumsversuches zu Neuronalen Netzen auf der Basis von Borland Delphi.",
    school = "Technical University of Ilmenau",
    year = "1997",
    type = "Master's Thesis (Diplomarbeit)",
    address = "Ilmenau",
    month = "July",
    note = "http://www.tuxtax.de/en/projects/resneuronum/index.html"
}

@article{hellerbohl,
    key = "hellerbohl",
    author = "Heller, Christian and Bohl, Jens and Kunze, Torsten and Philippow, Ilka",
    title = "A flexible Software Architecture for Presentation Layers demonstrated on Medical Documentation with Episodes and Inclusion of Topological Report",
    journal = "Journal of Free and Open Source Medical Computing (JOSMC)",
    year = "2003",
    month = "June",
    volume = "1",
    number = "26.06.2003",
    pages = "Article 1",
    note = "http://www.josmc.net",
    anote = "http://www.cybop.net"
}

@article{hellerkunze,
    key = "hellerkunze",
    author = "Heller, Christian and Kunze, Torsten and Bohl, Jens and Philippow, Ilka",
    title = "A new Concept for System Communication",
    journal = "Ontology Workshop at OOPSLA Conference",
    year = "2003",
    month = "October",
    note = "http://swt-www.informatik.uni-hamburg.de/conferences/oopsla2003-workshop-position-papers.html",
    anote = "http://www.cybop.net"
}

@book{hennessy,
    key = "hennessy",
    author = "Hennessy, John L. and Patterson, David A.",
    title = "Computer Architecture - A Quantitative Approach",
    address = "Amsterdam, Boston",
    publisher = "Morgan Kaufmann Publishers, Elsevier Science",
    note = "http://www.mkp.com",
    year = "2003",
    edition = "3",
    annote = "ISBN 1-55860-724-2"
}

@book{herczeg,
    key = "herczeg",
    author = "Herczeg, Michael",
    title = "Software-Ergonomie: Grundlagen der Mensch-Computer-Kommunikation",
    address = "Bonn, Paris, Boston, Muenchen",
    publisher = "Addison-Wesley",
    year = "1994"
}

@mastersthesis{holzmueller,
    key = "holzmueller",
    author = "Holzmueller, Rolf",
    title = "Erstellung intuitiver Web Frontends zur Terminplanung und Verwaltung administrativer Daten, basierend auf einem Webserver mit JSP Technologie, sowie Anbindung an ein medizinisches Informationssystem",
    school = "Technical University of Ilmenau",
    year = "2003",
    type = "Student Project (Studienarbeit)",
    address = "Ilmenau",
    month = "April",
    note = "http://www.cybop.net"
}

@incollection{jaeger,
    key = "jaeger",
    author = "Jaeger, Ludwig",
    title = "Linguistik: Ohne Sprache undenkbar",
    booktitle = "Gehirn \& Geist",
    pages = "36-42",
    publisher = "Spektrum der Wissenschaft",
    year = "2003",
    volume = "2",
    address = "http://www.spektrum.de",
    note = "http://www.gehirn-und-geist.de"
}

@misc{jakarta,
    key = "jakarta",
    author = "Apache Project",
    title = "Apache Jakarta Open Source Solutions on the Java Platform",
    year = "1999-2004",
    note = "http://jakarta.apache.org/"
}

@misc{java,
    key = "java",
    author = "Gosling, James and Joy, Bill and Steele, Guy and et al.",
    title = "The Java Programming Language. The Java Development Kit (JDK).",
    note = "http://java.sun.com"
}

@misc{javaiaq,
    key = "javaiaq",
    author = "Norvig, Peter",
    title = "The Java IAQ: Infrequently Answered Questions",
    note = "http://www.norvig.com/java-iaq.html"
}

@manual{javalanguage,
    key = "javalanguage",
    author = "Gosling, James and Joy, Bill and Steele, Guy and et al.",
    title = "The Java Language Specification",
    organization = "Sun Microsystems, Inc.",
    address = "http://java.sun.com",
    edition = "2.0",
    year = "1996-2000"
}

@misc{jdistro,
    key = "jdistro",
    author = "JDistro Project",
    title = "JDistro Java Distribution",
    year = "2002-2004",
    note = "http://www.jdistro.com/"
}

@book{johnson,
    key = "johnson",
    author = "Johnson, Michael K. and Troan, Erik W.",
    title = "Anwendungen entwickeln unter Linux.",
    series = "Linux Specials",
    address = "Bonn, Reading/ Mass.",
    publisher = "Addison-Wesley Longman",
    note = "http://www.aw.com",
    year = "1998",
    edition = "1",
    annote = "ISBN 3-8273-1449-6"
}

@misc{jos,
    key = "jos",
    author = "JOS Project",
    title = "Java Operating System",
    year = "2000-2004",
    note = "http://cjos.sourceforge.net/"
}

@misc{josgeneral,
    key = "josgeneral",
    author = "Herschberger II, Gilbert Carl and Tidswell, Jonathon and Crawley, Stephen and Heller, Christian and et al.",
    title = "The jos-general Mailing List",
    note = "jos-general@lists.sourceforge.net"
}

@mastersthesis{kanagasabapathi,
    key = "kanagasabapathi",
    author = "Kanagasabapathi, Kumanan",
    title = "Erstellung und Anbindung intuitiver Frontends an eine Anwendung zur Verwaltung administrativer Personendaten unter Beachtung von Aspekten der Internationalisierung",
    school = "Technical University of Ilmenau",
    year = "2003",
    type = "Student Project (Studienarbeit)",
    address = "Ilmenau",
    month = "June",
    note = "http://www.cybop.net"
}

@book{klute,
    key = "klute",
    author = "Klute, Rainer",
    title = "JDBC in der Praxis",
    address = "Bonn, Boston, Muenchen",
    publisher = "Addison-Wesley Longman",
    note = "http://www.aw.com",
    year = "1998"
}

@mastersthesis{kunze2002,
    key = "kunze2002",
    author = "Kunze, Torsten and Bohl, Jens",
    title = "Redesign eines Formularservers unter Beruecksichtigung der Performance der verwendeten Technologien",
    school = "Technical University of Ilmenau",
    year = "2002",
    type = "Student Project (Studienarbeit)",
    address = "Ilmenau"
}

@mastersthesis{kunze2003,
    key = "kunze2003",
    author = "Kunze, Torsten",
    title = "Untersuchung zur Realisierbarkeit einer technologieneutralen
        Mapping-Schicht fuer den Datenaustausch am Beispiel einer Anwendung
        zum medizinischen Formulardruck als integrativer Bestandteil eines
        Electronic Health Record (EHR)",
    school = "Technical University of Ilmenau",
    year = "2003",
    type = "Master's Thesis (Diplomarbeit)",
    address = "Ilmenau",
    month = "January",
    note = "http://www.cybop.net"
}

@misc{linuxdoc,
    key = "linuxdoc",
    title = "The Linux Documentation Project",
    howpublished = "HOWTOs,Guides,FAQs,man pages,Linux Gazette,LinuxFocus",
    year = "2004",
    note = "http://www.tldp.org/"
}

@misc{little,
    key = "little",
    author = "Little, Eric",
    title = "Initial Taxonomical Structure for Upper-Level Military Ontology Categories
        of Level 2 and 3 Information Fusion Constructs",
    howpublished = "Presentation",
    year = "2003",
    note = "http://www.acsu.buffalo.edu/~eglittle/current research/MILO (PWRPNT).ppt"
}

@book{maruyama,
    key = "maruyama",
    author = "Maruyama, Hiroshi and Tamura, Kent and Uramoto, Naohiko",
    title = "XML and Java. Developing Web Applications.",
    address = "Bonn, Reading/ Mass.",
    publisher = "Addison-Wesley Longman",
    note = "http://www.aw.com",
    year = "1999",
    annote = "ISBN 0-201-48543-5"
}

@Misc{mcadams,
    key = "mcadams",
    author = "McAdams, Melinda J. (Mindy)",
    title = "Cybermedia",
    howpublished = "Internet Web Site",
    year = "1993, 1995",
    note = "http://www.well.com/user/mmcadams/wiener.html"
}

@misc{megginson,
    key = "megginson",
    author = "Megginson, David and et al.",
    title = "About SAX",
    year = "2002-2004",
    note = "http://www.saxproject.org/"
}

@book{noack,
    key = "noack",
    editor = "Noack, Joerg",
    title = "Techniken der objektorientierten Softwareentwicklung",
    publisher = "Springer",
    year = "2001",
    series = "Xpert.press",
    address = "Berlin, Heidelberg, New York",
    annote = "ISBN 3-540-41696-X"
}

@book{norvig,
    key = "norvig",
    author = "Norvig, Peter",
    title = "Paradigms of Artificial Intelligence Programming: Case Studies in Common Lisp",
    publisher = "Morgan Kaufmann",
    year = "1992",
    annote = "ISBN 1-55860-191-0"
}

@misc{odonnell,
    key = "odonnell",
    author = "O'Donnell, Mick",
    title = "What is Systemic-Functional Linguistics?",
    howpublished = "Internet Website",
    month = "February",
    year = "2004",
    note = "http://www.wagsoft.com/Systemics/Definition/definition.html"
}

@misc{oio,
    key = "oio",
    author = "OIO Project",
    title = "Open Infrastructure for Outcomes (OIO)",
    year = "2000-2004",
    note = "http://www.txoutcome.org"
}

@misc{ontology,
    key = "ontology",
    author = "Ontology.org Group",
    title = "Ontology.org independent Industry and Research Forum",
    howpublished = "Internet Web Site",
    year = "1998-2000",
    note = "http://www.ontology.org/"
}

@misc{openehr,
    key = "openehr",
    author = "OpenEHR Project",
    title = "Open Electronic Health Record (OpenEHR), formerly Good Electronic/ European Health Record (GEHR)",
    year = "2000-2004",
    note = "http://www.openehr.org"
}

@manual{openehrdesign,
    key = "openehrdesign",
    author = "Beale, Thomas and Goodchild, A. and Heard, Sam",
    title = "Design Principles for the EHR",
    organization = "Open Electronic Health Record (OpenEHR)",
    edition = "2.4",
    year = "2001-2002",
    note = "http://www.openehr.org/Doc_html/Model/Principles/design_principles.htm"
}

@misc{openehrtechnical,
    key = "openehrtechnical",
    author = "Beale, Thomas and Ameline, Philippe",
    title = "OpenEHR Technical Mailing List",
    year = "2002-2004",
    note = "<openehr-technical@openehr.org>",
    annote = "http://www.openehr.org/"
}

@misc{openemed,
    key = "openemed",
    author = "OpenEMed Project",
    title = "OpenEMed",
    year = "1999-2004",
    note = "http://www.openemed.org"
}

@misc{openhealth,
    key = "openhealth",
    author = "Minoru Development",
    title = "Open Health Mailing List",
    year = "1999-2004",
    note = "<openhealth-list@minoru-development.com>",
    annote = "http://www.openhealth.com/"
}

@misc{oscar,
    key = "oscar",
    author = "OSCAR/ McMaster Project",
    title = "Open Source Clinical Application and Resource from McMaster University (OSCAR)",
    year = "2002-2004",
    note = "http://sourceforge.net/projects/oscarmcmaster"
}

@misc{oshca,
    key = "oshca",
    author = "Open Source Health Care Alliance (OSHCA)",
    title = "OSHCA Homepage",
    year = "2002-2004",
    note = "http://www.oshca.org"
}

@article{ousterhout,
    key = "ousterhout",
    author = "Ousterhout, John K.",
    title = "Scripting: Higher Level Programming for the 21st Century",
    howpublished = "http://home.pacbell.net/ouster/scripting.html",
    journal = "IEEE Computer magazine",
    year = "1998",
    month = "March"
}

@booklet{philippow,
    key = "philippow",
    author = "Philippow, Ilka",
    title = "Grundlagen der Informatik",
    howpublished = "http://www.theoinf.tu-ilmenau.de/proinf/english/teaching/Lectures.html",
    year = "2003",
    month = "April"
}

@misc{picocontainer,
    key = "picocontainer",
    author = "Codehaus",
    title = "Pico Container",
    year = "2003-2004",
    note = "http://www.picocontainer.org/"
}

@misc{pl1,
    key = "pl1",
    author = "Webring",
    title = "The PL/1 Language",
    year = "2002",
    note = "http://home.nycap.rr.com/pflass/pli.htm"
}

@booklet{platt,
    key = "platt",
    author = "Ulrich Platt",
    title = "Vorlesung Physik I fuer Physiker und Mathematiker",
    howpublished = "PDF Documents",
    address = " Universitaet Heidelberg, Fakultaet fuer Physik und Astronomie",
    year = "2003/2004",
    note = "http://physik1.physik.uni-heidelberg.de"
}

@misc{poseidon,
    key = "poseidon",
    author = "Poseidon Software and Invention",
    title = "Base Valued Numbers",
    howpublished = "Internet Page",
    month = "November",
    year = "1998",
    note = "http://www.psinvention.com/zoetic/basenumb.htm"
}

@misc{postgresql,
    key = "postgresql",
    author = "PostgreSQL Project",
    title = "PostgreSQL",
    year = "2000-2004",
    note = "http://www.postgresql.org"
}

@misc{postgresql2002,
    key = "postgresql2002",
    author = "PostgreSQL Project",
    title = "PostgreSQL -- Multiversion Concurrency Control",
    year = "2002",
    note = "http://www.postgresql.org/idocs/index.php?mvcc.html"
}

@inproceedings{pree,
    key = "pree",
    author = "Pree, W.",
    booktitle = "Proceedings of ECOOP '94",
    title = "Meta Patterns -- A Means for Capturing the Essentials of Reusable
        Object-Oriented Design",
    year = "1994",
    pages = "150-162"
}

@misc{resmedicinae,
    key = "resmedicinae",
    author = "Res Medicinae Project",
    title = "Res Medicinae -- Medical Information System",
    year = "1999-2004",
    note = "http://www.resmedicinae.org"
}

@manual{resmedicinae2001,
    key = "resmedicinae2001",
    author = "Hilbert, Karsten and Heller, Christian and Colberg, Roland and et al.",
    title = "Analysedokument zur Erstellung eines Informationssystems fuer den Einsatz in der Medizin",
    organization = "Res Medicinae Free Software Project",
    year = "2001-2004",
    note = "http://resmedicinae.sourceforge.net/analysis/index.html"
}

@incollection{ripota,
    key = "ripota",
    author = "Ripota, Peter",
    title = "Das Universum hat ein Bewusstsein!",
    booktitle = "P.M. Magazin",
    pages = "21-25",
    publisher = "Hans-Hermann Sprado",
    year = "2003",
    month = "September",
    note = "http://www.pm-magazin.de"
}

@misc{rmi1995,
    key = "rmi1995",
    author = "SUN Microsystems",
    title = "RMI Tutorial",
    year = "1995",
    note = "http://java.sun.com/docs/books/tutorial/rmi/index.html"
}

@misc{rmi2000,
    key = "rmi2000",
    author = "jGuru Portal",
    title = "Fundamentals of RMI",
    year = "2000",
    note = "http://developer.java.sun.com/developer/onlineTraining/rmi/RMI.html"
}

@misc{rvm,
    key = "rvm",
    author = "IBM",
    title = "Jikes Research Virtual Machine (Jikes RVM)",
    year = "2003-2004",
    note = "http://www-124.ibm.com/developerworks/oss/jikesrvm/"
}

@book{sanderson,
    key = "sanderson",
    author = "Sanderson, Rick and Fourbit Group, The",
    note = "http://www.fourbit.com"
}

@misc{sax,
    key = "sax",
    author = "Megginson, David and et al.",
    title = "Simple API for XML (SAX)",
    howpublished = "Public Domain Software Project",
    year = "1997-2004",
    note = "http://www.saxproject.org/"
}

@booklet{schiedermeier,
    key = "schiedermeier",
    author = "Schiedermeier, R.",
    title = "Programmieren I",
    howpublished = "http://www.informatik.fh-muenchen.de/~schieder/programmieren-1-ws96-97/struktpgm.html",
    year = "1996"
}

@incollection{schoenhofer,
    key = "schoenhofer",
    author = "Schoenhofer, Christoph",
    title = "Unternehmensberatung: Die Neuro-Manager",
    booktitle = "Gehirn \& Geist",
    pages = "74-75",
    publisher = "Spektrum der Wissenschaft",
    year = "2003",
    volume = "2",
    address = "http://www.spektrum.de",
    note = "http://www.gehirn-und-geist.de"
}

@misc{scope,
    key = "scope",
    author = "Scope Project",
    title = "Scope HMVC Java Framework",
    year = "2001-2004",
    note = "http://scope.sourceforge.net/"
}

@misc{seiner,
    key = "seiner",
    author = "Seiner, Robert S.",
    title = "Is SQL a real standard anymore?",
    year = "2002",
    note = "http://www.tdan.com/i016hy01.htm"
}

@manual{sgml,
    key = "sgml",
    organization = "International Organization for Standardization (ISO)",
    title = "ISO 8879:1986 -- Standard Generalized Markup Language (SGML)",
    edition = "1",
    year = "1986",
    note = "http://www.iso.ch/cate/d16387.html"
}

@incollection{smith,
    key = "smith",
    editor = "Smith, Barry and Welty, Christopher",
    booktitle = "Formal Ontology and Information Systems",
    publisher = "ACM Press",
    address = "New York",
    year = "2001",
    note = "http://www.geog.buffalo.edu/ncgia/ontology/"
}

@misc{sourceforge,
    key = "sourceforge",
    author = "Open Source Development Network Inc. (OSDN)",
    title = "SourceForge.net Open Source Software Development Portal",
    year = "1999-2004",
    note = "http://www.sourceforge.net"
}

@book{sowa,
    key = "sowa",
    author = "Sowa, John F.",
    title = "Knowledge Representation: Logical, Philosophical, and Computational Foundations",
    address = "Pacific Grove",
    publisher = "Brooks/Cole, Thomson Learning",
    year = "1997",
    annote = "ISBN 0 534-94965-7"
}

@misc{squirrel,
    key = "squirrel",
    author = "SQuirreL Project",
    title = "SQuirreL Database Administration Application",
    year = "2002-2004",
    note = "http://squirrel-sql.sourceforge.net/"
}

@book{steppan,
    key = "steppan",
    author = "Steppan, Bernhard",
    title = "Java-Programmierung mit Borland JBuilder 4",
    address = "Muenchen, Boston",
    publisher = "Addison-Wesley",
    note = "http://www.aw.com",
    year = "2001",
    annote = "ISBN 3-8273-1638-3"
}

@incollection{stoerig,
    key = "stoerig",
    author = "Stoerig, P.",
    title = "Hirnforschung -- Visuelle Wahrnehmung: Blindsehen",
    booktitle = "Gehirn \& Geist",
    pages = "76-80",
    publisher = "Spektrum der Wissenschaft",
    year = "2003",
    volume = "2",
    address = "http://www.spektrum.de",
    note = "http://www.gehirn-und-geist.de"
}

@misc{strauss,
    key = "strauss",
    author = "Strauss, Friedrich",
    title = "Ergonomische Gestaltung von Benutzerschnittstellen",
    howpublished = "Presentation",
    year = "2001"
}

@book{tanenbaum1995,
    key = "tanenbaum1995",
    author = "Tanenbaum, Andrew S.",
    title = "Verteilte Betriebssysteme",
    address = "Muenchen, New York, London",
    publisher = "Prentice-Hall",
    note = "http://www.prentice-hall.com",
    year = "1995",
    annote = "ISBN 3-930436-23-X"
}

@book{tanenbaum1999,
    key = "tanenbaum1999",
    author = "Tanenbaum, Andrew S. and Goodman, James",
    title = "Computerarchitektur - Strukturen, Konzepte, Grundlagen",
    address = "Muenchen, London",
    publisher = "Prentice-Hall",
    note = "http://www.prentice-hall.com",
    year = "1999",
    edition = "4",
    annote = "ISBN 3-8272-9573-4"
}

@book{tanenbaum2000,
    key = "tanenbaum2000",
    author = "Tanenbaum, Andrew S.",
    title = "Computernetzwerke",
    address = "Muenchen",
    publisher = "Pearson Studium",
    note = "http://www.pearson-studium.com",
    year = "2000",
    edition = "3",
    annote = "ISBN 3-8273-7011-6"
}

@book{tanenbaum2001,
    key = "tanenbaum2001",
    author = "Tanenbaum, Andrew S.",
    title = "Modern Operating Systems",
    address = "New Jersey, London, Sydney",
    publisher = "Prentice-Hall",
    note = "http://www.prentice-hall.com",
    year = "2001",
    edition = "2",
    annote = "ISBN 0-13-031358-0"
}

@book{tanenbaum2002,
    key = "tanenbaum2002",
    author = "Tanenbaum, Andrew S. and van Steen, Maarten",
    title = "Distributed Systems - Principles and Paradigms",
    address = "New Jersey",
    publisher = "Prentice-Hall",
    note = "http://www.prentice-hall.com",
    year = "2002",
    annote = "ISBN 0-13-088893-1"
}

@misc{torch,
    key = "torch",
    author = "Torch Project (formerly FreePM)",
    title = "Torch",
    year = "1999-2004"
}

@misc{uml,
    key = "uml",
    author = "Object Management Group (OMG)",
    title = "Unified Modelling Language (UML)",
    note = "http://www.omg.org/uml"
}

@misc{urban,
    key = "urban",
    author = "Urban und Fischer Verlag Muenchen",
    title = "Anatomical Images from Sobotta: Atlas der Anatomie",
    howpublished = "Internet; CDROM",
    year = "2002",
    note = "http://www.urbanfischer.de"
}

@techreport{vinoski,
    key = "vinoski",
    author = "Vinoski, Steve",
    title = "New features for CORBA 3.0",
    year = "2002"
}

@misc{w3c,
    key = "w3c",
    author = "World Wide Web Consortium (W3C)",
    title = "World Wide Web Consortium Homepage",
    year = "2002-2004",
    note = "http://www.w3c.org/"
}

@manual{w3schools,
    key = "w3schools",
    organization = "Refsnes Data",
    title = "W3Schools - Full Web Building Tutorials - All Free",
    year = "1999-2004",
    note = "http://www.w3schools.com/"
}

@misc{walsh,
    key = "walsh",
    author = "Walsh, Norman",
    title = "A Technical Introduction to XML",
    howpublished = "Internet Tutorial",
    month = "October",
    year = "1998",
    note = "http://www.xml.com/pub/a/98/10/guide0.html"
}

@book{websters,
    key = "websters",
    editor = "MICRA, Inc. of Plainfield, NJ",
    title = "Webster's Revised Unabridged Dictionary",
    publisher = "C. \& G. Merriam Co.",
    year = "1913",
    address = "Springfield, Mass.",
    edition = "February 1998",
    note = "ftp://ftp.uga.edu/pub/misc/webster/",
    annote = "Converted from the original database by Debian GNU/Linux"
}

@article{westerhof,
    key = "westerhof",
    author = "Westerhof, Henk and Utrecht, Dutch College of General Practitioners",
    title = "Episodes of Care in the New Dutch GP Systems",
    journal = "Primary Health Care Specialist Group Annual Conference Proceedings, Cambridge",
    year = "1998",
    month = "September",
    note = "http://phcsg.ncl.ac.uk/conferences/cambridge1998/westerhof.htm"
}

@misc{wordnet,
    key = "wordnet",
    author = "Princeton University",
    title = "WordNet 2.0",
    howpublished = "Internet Web Database",
    month = "September",
    year = "2003",
    note = "ftp://ftp.cogsci.princeton.edu/pub/wordnet/2.0/WordNet-2.0.tar.gz",
    annote = "Converted from the original database by Debian GNU/Linux"
}

@manual{xml,
    key = "xml",
    organization = "World Wide Web Consortium (W3C)",
    title = "Extensible Markup Language (XML)",
    edition = "1.0",
    month = "February",
    year = "1998",
    note = "http://www.w3.org/TR/1998/REC-xml-19980210",
    annote = "Recommendation"
}

@book{zimmermann,
    key = "zimmermann",
    author = "Zimmermann, Juergen and Beneken, Gerd",
    title = "Verteilte Komponenten und Datenbankanbindung.
        Mehrstufige Architekturen mit SQLJ und Enterprise JavaBeansTM 2.0",
    address = "Boston, Muenchen",
    publisher = "Addison-Wesley",
    note = "http://www.aw.com",
    year = "2000",
    annote = "ISBN 3-8273-1552-2"
}

% Christopher Alexander: The Nature of Order
% http://www.natureoforder.com/overview.htm
% https://www.patternlanguage.com/cgi-bin/patternl/order.py

%
%http://wings.buffalo.edu/philosophy/faculty/smith/articles/gol\_fois2001.pdf

%
%c't 23, S. 96
%Kreativitaet "Erfinden nach Plan"
%Methodik, Philosophie, 40 Entwicklungsprinzipien (auch fuer SW) etc.

%
%Produktlinien
%http://www.sei.cmu.edu/plp/product\_line\_overview.html

%
%Raum + Zeit
%Statics + Dynamics
%Speicher (mit Daten) + Prozessor (in Analogie zum Computer)
%Objekte + Prozesse
%Space = Structure
%Time = Change of space (Zustandsaenderung des Raumes)
%Zeit ist immer relativ; kein Augenblick ist absolut, da man
%ihn immer in noch kleinere Zeiteinheiten unterteilen kann!
%Materie + Energie = 0 + 1? Raum-Zeit-Kontinuum?
%Beamen? Zeitmaschine?

%
%Biologie
%http://www.biologie.uni-hamburg.de/b-online/d00/inhalt.htm

%
%Bionics References
%http://www.designmatrix.com/bionics/referenc.html
%
%A sample bibliography includes:
%Aspects of Form - Lancelot law Whyte (editor)
%Biomechanics - David Bootzin and Harry C. Muffley (eds.)
%Bionics - Lucien Gerardin
%Bionics - Vincent Marteka
%Definition of the Subject and Method of Bionics - V.I. Bel'kevich and E. Y.U. Vende
%Evolution and Design in the Plant Kingdom - C.L. Duddington
%On Growth and Form - D'Arcy Thompson
%Structure, Form and Movement - Heinrich Hertel
%The Magic of the Senses - Vitus B. Droscher
%... and many very technical publications about biological prototypes for synthetic systems.

