@book{ch:entwurfsmuster,
    title = {Entwurfmuster -- Elemente wiedeverwendbarer objektorientierter Software},
    author = {Erich Gamma, Richard Helm, Ralph Johnson und John Vlissides},
    publisher ={Addison-Wesley},
    year = {1996},
    address =   {München [u.a.]}
}

@book{ch:patternlanguage,
    title = {A Pattern Language},
    author = {Alexander, Christopher, et al.},
    journal ={Oxford University Press},
    year = 1977,
    address =   {New York}
}

@book{ch:patternarchitektur,
    title = {Patternorientierte Software-Architektur},
    author = {Frank Buschmann, et al.},
    publisher ={Addison-Wesley},
    year = 1998,
    address =   {Bonn [u.a.]}
}

@book{ch:analysedoc,
    title = {Analysedokument zur Erstellung eines Informationssystems für den Einsatz in der Medizin},
    author = {Christian Heller, Karsten Hilbert, Roland Colberg und Peter Hahn},
    year = 2002
}

@BOOK{DatabaseSystems,
  author =       {Connolly, Thomas, Carolyn Begg},
  title =        {Database Systems -- A practical approach to design, implementation and management},
  publisher =    {Addison-Wesley},
  year =         {2002},
  edition =      {3. Ausgabe},
  address =      {Harlow, England [u.a.]}
}

@BOOK{dbperformance,
  author =       {Jeff Dunham},
  title =        {Database Performance Tuning Handbook},
  publisher =    {McGraw-Hill},
  year =         {c1998},
  address =      {New York [u.a.]}
}

@BOOK{JDBC_Database_Access,
  author =       {Graham Hamilton, Rick Cattell, Maydene Fisher},
  title =        {JDBC Database Access with Java},
  publisher =    {Addison-Wesley},
  year =         {1997},
  address =      {Reading, Mass. [u.a.]}
}

@BOOK{JDBC_Praxis,
  author =       {Rainer Klute},
  title =        {JDBC in der Praxis},
  publisher =    {Addison-Wesley-Longman},
  year =         {1998},
  address =      {Bonn [u.a.]}
}

@BOOK{enterprisepattern,
  author =       {Fowler, Martin, et al.},
  title =        {Pattern of Enterprise Application Architecure},
  publisher =    {Addison-Wesley},
  year =         {2002}
}

@BOOK{Kommunikation_in_verteilten_Anwendungen,
  author =       {Oliver Haase},
  title =        {Kommunikation in verteilten Anwendungen},
  publisher =    {R. Oldenbourg Verlag München Wien},
  year =         {2001},
  address =      {München [u.a.]}
}

@BOOK{Kommunikation_in_verteilten_Anwendungen,
  author =       {Jens Hartwig},
  title =        {PostgreSQL, Professionell und praxisnah},
  publisher =    {Addison-Wesley},
  year =         {2001},
  address =      {München [u.a.]}
}

@MISC{MusterInDerSoftwaretechnik,
  author =       {Andreas Harrer},
  title =        "Skript und Materialien zur Vorlesung: Muster in der Software-Technik",
  year =         "2002",
  howpublished = "http://wwwbruegge.in.tum.de/teaching/ss02/muster/"
}

@MISC{PatternsForBeginners,
  author =       {Erich Gamma},
  title =        "Patterns For Beginners",
  year =         "2002",
  howpublished = "http://c2.com/cgi/wiki?PatternsForBeginners/"
}

@MISC{XML.ORG,
  author =       "OASIS",
  title =        "XML.ORG",
  year =         "1999",
  howpublished = "http://www.xml.org/"
}

@MISC{GNU,
  author =       "Free Software Foundation, Inc.",
  title =        "GNU Licenses",
  year =         "1999",
  howpublished = "http://www.gnu.org/licenses/licenses.html"
}

@MISC{Sourceforge.net,
  author =       "Open Source Development Network, Inc. (OSDN)",
  title =        "Sourceforge.net",
  year =         "2002",
  howpublished = "http://www.sourceforge.net"
}

@MISC{GNU_MED_Eingabemasken,
  author =       "GNU, MED",
  title =        "Formular Eingabemasken",
  year =         "2002",
  howpublished = "http://www.gnumed.org/screenshots.html"
}

@MISC{OMG,
  author =       "OMG",
  title =        "OMG - Technology adoption process",
  year =         "2002",
  howpublished = "http://www.omg.org"
}

@MISC{Ist_SQL_noch_Standard,
  author =       "Robert S. Seiner",
  title =        "Is SQL a real standard anymore?",
  year =         "2002",
  howpublished = "http://www.tdan.com/i016hy01.htm"
}

@MISC{PostgreSQL_home,
  author =       "PostgreSQL",
  title =        "PostgreSQL Homepage",
  year =         "2002",
  howpublished = "http://www.postgresql.org"
}

@MISC{PostgreSQL_MVCC,
  author =       "PostgreSQL",
  title =        "Multiversion Concurrency Control",
  year =         "2002",
  howpublished = "http://www.postgresql.org/idocs/index.php?mvcc.html"
}

@MISC{W3C,
  author =       "W3C",
  title =        "World Wide Web Consortium",
  year =         "2002",
  howpublished = "http://www.w3c.org/"
}

@MISC{RMI_jGuru,
  author =       "jGuru",
  title =        "Fundamentals of RMI",
  year =         "2000",
  howpublished = "http://developer.java.sun.com/developer/onlineTraining/rmi/RMI.html"
}

@MISC{RMI_SUN,
  author =       "SUN, Microsystems",
  title =        "RMI Tutorial",
  year =         "1995",
  howpublished = "http://java.sun.com/docs/books/tutorial/rmi/index.html"
}

@MISC{SAX,
  author =       "Megginson, David , et al.",
  title =        "About SAX",
  year =         "2002",
  howpublished = "http://www.saxproject.org/"
}

@MISC{DOM,
  author =       "World Wide Web Consortium -- W3C",
  title =        "Document Object Model (DOM)",
  year =         "2002",
  howpublished = "http://www.w3.org/DOM/"
}

@MISC{SQuirreL,
  author =       "Bell, Colin, Greg Mackness",
  title =        "SQuirreL",
  year =         "2002",
  howpublished = "http://squirrel-sql.sourceforge.net/"
}

@MASTERSTHESIS{Diplomarbeit_Jens_Bohl,
  AUTHOR =       "Jens Bohl",
  TITLE =        "Möglichkeiten der Gestaltung flexibler
                    Software-Architekturen für Präsentationsschichten, dargestellt anhand
                    episodenbasierter, medizinischer Dokumentation unter Einbeziehung topologischer
                    Befundung",
  SCHOOL =       "Technische Universität Ilmenau",
  YEAR =         "2003",
  MONTH =        "Januar"
}

@MASTERSTHESIS{studienjahresarbeit,
  AUTHOR =       "Kunze, Torsten und Bohl, Jens",
  TITLE =        "Studienjahresarbeit: Redesign eines Formularservers unter Berücksichtigung der
                  Performance der verwendeten Technologien",
  SCHOOL =       "Technische Universität Ilmenau",
  YEAR =         "2002",
  MONTH =        "Februar"
}

@TECHREPORT{SQL3_Standardization,
  author =       {Ki-Joon Han},
  title =        {SQL3 Standardization},
  institution =  {Kon-Kuk University, Department of Computer Engeneering},
  year =         {2002},
}

@TECHREPORT{CORBA_3_0,
  author =       {Steve Vinoski},
  title =        {New features for CORBA 3.0},
  year =         {2002},
}
