This file was created with JabRef 1.7.1.
Encoding: Cp1252

@BOOK{defpattern,
  title = {A Pattern Language},
  publisher = {Oxford University},
  year = {1977},
  author = {Christopher Alexander, Sara Ishikawa, Murray Silverstein},
  owner = {rolf},
}

@BOOK{gamma04,
  title = {Entwurfsmuster},
  publisher = {Addision-Wesley},
  year = {2004},
  author = {Erich Gamma, Richard Helm, ...},
  owner = {rolf},
}

@BOOK{patternbuschmann,
  title = {Patternorientierte Software-Architektur},
  publisher = {Addision-Wesley},
  year = {1998},
  author = {F. Buschmann, R. Meunier, ...},
  owner = {rolf},
}

@BOOK{hwinf,
  title = {Wirtschaftsinformatik I},
  publisher = {Gustav Fischer Verlag - Stuttgart},
  year = {1997},
  author = {H.R.Hansen},
  edition = {7},
  owner = {rolf},
}

@ARTICLE{chepaper,
  author = {Christian Heller},
  title = {Cybernetics Oriented Language (CYBOL)},
  journal = {http://cybop.berlios.de/papers/2004\_cybernetics\_oriented\_language/paper.pdf},
  year = {2004},
}

@BOOK{defwebappl,
  title = {Web Engineering},
  publisher = {Dpunkt Verlag},
  year = {2003},
  author = {Kappel, Pröll, ...},
  owner = {rolf},
}

@INCOLLECTION{defkybernetik,
  author = {Maria Dose, Jürgen Folz, ...},
  title = {Fremwörterbuch},
  booktitle = {Duden},
  publisher = {Dudenverlag Mannheim - Leipzig - Wien - Zürich},
  year = {1990},
  volume = {5},
  owner = {rolf},
}

@BOOK{defxml,
  title = {Java ist auch eine Insel},
  publisher = {Galileo Computing},
  year = {2002},
  author = {Christian Ullenboom},
  edition = {2},
  owner = {rolf},
}

@BOOK{linuxprog,
  title = {Linux-Unix-Programmierung},
  publisher = {Galileo Press},
  year = {2004},
  author = {Jürgen Wolf},
  owner = {rolf},
}

@MISC{debian,
  title = {Debian},
  howpublished = {www.debian.de},
  month = {Juni},
  year = {2005},
}

@MISC{defaggegation,
  title = {Aggregation},
  howpublished = {http://de.wikipedia.org/wiki/Aggregation},
  month = {Juni},
  year = {2005},
  owner = {rolf},
}

@MISC{defbeschreibung,
  title = {Beschreibungssprache},
  howpublished = {http://www.bullhost.de/b/beschreibungssprache.html},
  month = {Juni},
  year = {2005},
  owner = {rolf},
}

@MISC{defsockets,
  title = {Definition Socket},
  howpublished = {http://whatis.techtarget.com/definition/0,,sid9\_gci213021,00.html},
  month = {Juni},
  year = {2005},
}

@MISC{ebnf,
  title = {EBNF},
  howpublished = {http://de.wikipedia.org/wiki/Erweiterte\_Backus-Naur-Form},
  month = {Juni},
  year = {2005},
  owner = {rolf},
}

@MISC{gnu,
  title = {GNU},
  howpublished = {www.gnu.org},
  month = {Juni},
  year = {2005},
}

@MISC{w3c,
  title = {Spezifikation XML},
  howpublished = {http://www.w3.org/TR/2000/REC-xml-20001006},
  month = {Juni},
  year = {2005},
  owner = {rolf},
}

@MISC{w3cger,
  title = {Spezifikation XML (deutsch)},
  howpublished = {http://edition-w3c.de/TR/2000/REC-xml-20001006/},
  month = {Juni},
  year = {2005},
  owner = {rolf},
}

@MISC{xsd,
  title = {Def. XML-Schema},
  howpublished = {http://www.w3.org/TR/xmlschema-1/},
  month = {Juni},
  year = {2005},
  owner = {rolf},
}

@MISC{,
  title = {Komposition},
  howpublished = {http://de.wikipedia.org/wiki/Komposition},
  month = {Juni},
  year = {2005},
  note = {defcomposition},
  owner = {rolf},
}

@MISC{defframe,
  title = {Def. Frame},
  howpublished = {http://de.wikipedia.org/wiki/Frames\_(Wissensrepräsentation)},
  owner = {rolf},
}

