%
% $RCSfile: references.bib,v $
%
% Copyright (c) 2001-2004. Christian Heller. All rights reserved.
%
% No copying, altering, distribution or any other actions concerning this
% document, except after explicit permission by the author!
% At some later point in time, this document is planned to be put under
% the GNU FDL license. For now, _everything_ is _restricted_ by the author.
%
% http://www.cybop.net
% - Cybernetics Oriented Programming -
%
% http://www.resmedicinae.org
% - Information in Medicine -
%
% %author Christian Heller <christian.heller@tuxtax.de>
%

@book{alexander,
    key = "alexander",
    author = "Christopher Alexander, Sara Ishikawa, Muray Silverstein et al.",
    title = "A Pattern Language",
    address = "New York",
    publisher = "Oxford University Press",
    year = "1977"
}

@book{americanheritagedictionary,
    key = "americanheritagedictionary",
    editor = "Joseph P. Pickett et al.",
    title = "The American Heritage Dictionary of the English Language",
    edition = "4",
    year = "2000",
    publisher = "Houghton Mifflin Company",
    address = "Boston",
    note = "http://www.bartleby.com/61/",
    annote = "ISBN: 0-395-82517-2"
}

@misc{aspectj,
    key = "aspectj",
    author = "The AspectJ Project",
    title = "AspectJ: Aspect-Oriented Java Extension",
    year = "2002-2004",
    note = "http://aspectj.org"
}

@misc{aspectwerkz,
    key = "aspectwerkz",
    author = "The AspectWerkz Project",
    title = "AspectWerkz: Simple, dynamic, lightweight and powerful AOP for Java",
    year = "2002-2004",
    note = "http://aspectwerkz.codehaus.org/"
}

@manual{avalon,
    key = "avalon",
    author = "Federico Barbieri, Stefano Mazzocchi, Pierpaolo Fumagalli",
    title = "Apache Jakarta Avalon Framework",
    organization = "The Apache Project",
    year = "2001-2004",
    note = "http://avalon.apache.org/"
}

@book{bach,
    key = "bach",
    author = "Mike Bach",
    title = "XSL und XPath - verstaendlich und praxisnah.
        Transformation und Ausgabe von XML-Dokumenten mit XSL.",
    address = "Boston, Muenchen",
    publisher = "Addison-Wesley",
    note = "http://www.aw.com",
    year = "2000",
    annote = "ISBN 3-8273-1661-8"
}

@book{behme,
    key = "behme",
    author = "Henning Behme, Stefan Mintert",
    title = "XML in der Praxis. Professionelles Web-Publishing mit der Extensible Markup Language.",
    address = "Boston, Muenchen",
    publisher = "Addison-Wesley, http://www.aw.com",
    year = "2000",
    annote = "ISBN 3-8273-1636-7"
}

@mastersthesis{behrendt,
    key = "behrendt",
    author = "Dirk Behrendt",
    title = "Erstellen eines Backup - Moduls unter Verwendung gaengiger Design Patterns aus dem ResMedLib Framework",
    school = "Technical University of Ilmenau",
    year = "2003",
    type = "Student Project (Studienarbeit)",
    address = "Ilmenau",
    month = "January",
    note = "http://www.cybop.net"
}

@book{bentley,
    key = "bentley",
    author = "Jon Bentley",
    title = "Perlen der Programmierkunst. Programming Pearls.",
    address = "Boston, Muenchen",
    publisher = "Addison-Wesley, http://www.aw.com",
    year = "2000",
    annote = "ISBN 3-8273-1719-3"
}

@manual{blueprints,
    key = "blueprints",
    title = "Java Blueprints",
    howpublished = "http://java.sun.com/blueprints/guidelines/designing\_enterprise\_applications/index.html",
    publisher = "Javasoft/Sun"
}

@mastersthesis{bohl,
    key = "bohl",
    author = "Jens Bohl",
    title = "Moeglichkeiten der Gestaltung flexibler Software-Architekturen
        fuer Praesentationsschichten, dargestellt anhand episodenbasierter,
        medizinischer Dokumentation unter Einbeziehung topologischer Befundung",
    school = "Technical University of Ilmenau",
    year = "2003",
    type = "Master's Thesis (Diplomarbeit)",
    address = "Ilmenau",
    month = "January",
    note = "http://www.cybop.net"
}

@Book{box,
    key = "box",
    author = "Don Box, Aaron Skonnard, John Lam",
    title = "Essential XML. Beyond Markup.",
    address = "Boston, Muenchen",
    publisher = "Addison-Wesley",
    note = "http://www.aw.com",
    year = "2000",
    annote = "ISBN 0-201-70914-7, ISBN 3-8273-1769-X (German version)"
}

@book{broessler,
    key = "broessler",
    author = "Peter Broessler, Johannes Siedersleben",
    title = "Softwaretechnik -- Praxiswissen fuer Software-Ingenieure",
    organization = "sdm AG, Muenchen",
    address = "Muenchen",
    publisher = "Hanser Verlag",
    year = "2000"
}

@book{brown,
    key = "brown",
    author = "Alan W. Brown",
    title = "Large-Scale, Component-Based Development",
    series = "Object and Component Technology Series",
    address = "London, Sydney",
    publisher = "Prentice Hall PTR",
    note = "http://www.phptr.com",
    year = "2000",
    annote = "ISBN 0-13-088720-X"
}

@booklet{buesch,
    key = "buesch",
    author = "Andreas Buesch",
    title = "Vorlesung Medienpaedagogik & Kommunikationswissenschaft I",
    howpublished = "PDF Document",
    address = "Katholische Fachhochschule Mainz",
    month = "June",
    year = "2003",
    note = "http://www.kfh-mainz.de/downloads/sasp/buesch/1sem_kompl.pdf"
}

@book{buschmann,
    key = "buschmann",
    author = "Frank Buschmann, Regine Meunier, Hans Rohnert et al.",
    title = "Pattern-orientierte Softwarearchitektur. Ein Pattern-System.",
    address = "Bonn, Boston, Muenchen",
    publisher = "Addison-Wesley",
    year = "1998",
    edition = "1. korr. Nachdruck 2000",
    note = "http://www.aw.com/",
    annote = "ISBN 3-8273-1282-5"
}

@booklet{cmanual,
    key = "cmanual",
    author = "Regionales Rechenzentrum fuer Niedersachsen/ Universitaet Hannover,
        Zentralinstitut fuer Angewandte Mathematik, Forschungszentrum Juelich GmbH",
    title = "Die Programmiersprache C",
    month = "March",
    year = "1991"
}

@incollection{cai,
    key = "cai",
    author = "Jason Cai, Ranjit Kapila, Gaurav Pal",
    title = "HMVC: The layered pattern for developing strong client tiers.",
    publisher = "Java World",
    year = "2000",
    month = "July",
    note = "http://www.javaworld.com/javaworld/jw-07-2000/"
}

@book{cockburn1998,
    key = "cockburn1998",
    author = "Alistair Cockburn",
    title = "Surviving Object-Oriented Projects",
    publisher = "Addison-Wesley, Pearson Education",
    year = "1998",
    address = "Boston, San Francisco, New York",
    annote = "ISBN 0-201-49834-0"
}

@book{cockburn2002,
    key = "cockburn2002",
    author = "Alistair Cockburn",
    title = "Agile Software Development",
    publisher = "Addison-Wesley, Pearson Education",
    year = "2002",
    address = "Boston, San Francisco, New York",
    annote = "ISBN 0-201-69969-9"
}

@misc{commonlisp,
    key = "commonlisp",
    author = "The Association of Lisp Users",
    title = "Object Oriented and Procedural Lisp",
    note = "http://www.lisp.org/table/objects.htm"
}

@book{connolly,
    key = "connolly",
    author = "Thomas Connolly, Carolyn Begg",
    title = "Database Systems -- A practical approach to design, implementation and management",
    address = "Harlow, Bonn, Boston, Muenchen",
    publisher = "Addison-Wesley",
    year = "2002",
    edition = "3"
}

@book{coplien,
    key = "coplien",
    author = "J. O. Coplien",
    title = "Advanced C++ --Programming Styles and Idioms",
    address = "Bonn, Boston, Muenchen",
    publisher = "Addison-Wesley",
    year = "1992"
}

@book{corba,
    key = "corba",
    title = "The Common Object Request Broker: Architecture and Specification",
    organization = "OMG",
    year = "1992"
}

@booklet{cplusplusmanual,
    key = "cplusplusmanual",
    author = "Regionales Rechenzentrum fuer Niedersachsen/ Universitaet Hannover",
    title = "Die Programmiersprache C++",
    month = "April",
    year = "1994"
}

@misc{cybop,
    key = "cybop",
    author = "The CYBOP Project",
    title = "Cybernetics Oriented Programming (CYBOP)",
    year = "2002-2004",
    note = "http://www.cybop.net"
}

@misc{daniel,
    key = "daniel",
    author = "Stephen H. Daniel",
    title = "Notes for Ontology I: Dualism & Behaviorism",
    howpublished = "Lecture Notes",
    year = "2003",
    note = "http://www-phil.tamu.edu/~sdaniel/Notes/dualism.html"
}

@misc{debianmed,
    key = "debianmed",
    author = "The Debian-Med project. Subproject of the Debian Operating System.",
    title = "Debian-Med",
    year = "2002-2004",
    note = "http://www.debian.org"
}

@techreport{depke,
    key = "depke",
    author = "Ralph Depke, Katharina Mehner",
    title = "Separation of Concern mit Rollen, Subjekten und Aspekten",
    institution = "Universitaet Paderborn",
    year = "2001",
    note = "http://www.info.uni-karlsruhe.de/~pulvermu/workshops/aop2001/beitraege/depke.pdf"
}

@manual{designmatrix,
    key = "designmatrix",
    title = "Design Matrix",
    organization = "Design Matrix -- Systems and Product Design",
    address = "http://www.designmatrix.com/bionics/"
}

@misc{dom,
    key = "dom",
    author = "World Wide Web Consortium (W3C)",
    title = "Document Object Model (DOM)",
    year = "2002",
    note = "http://www.w3.org/DOM/"
}

@book{duden,
    key = "duden",
    editor = "Wissenschaftlicher Rat der Dudenredaktion: Guenther Drosdowski ...",
    title = "Der Duden: in 12 Baenden; das Standardwerk zur deutschen Sprache",
    publisher = "Dudenverlag",
    address = "Mannheim; Leipzig; Wien; Zuerich",
    year = "1996",
    volume = "Duden, Rechtschreibung der deutschen Sprache.",
    edition = "21",
    note = "http://www.duden.de/"
}

@book{dunham,
    key = "dunham",
    author = "Jeff Dunham",
    title = "Database Performance Tuning Handbook",
    address = "New York",
    publisher = "McGraw-Hill",
    year = "1998"
}

@misc{fix,
    key = "fix",
    author = "Bernd Fix (brain://on - Realisierung und Konvertierung von Informationsstrukturen)",
    title = "Aspekt-orientierte Programmierung -- Eine Einfuehrung",
    year = "2001",
    note = "http://www.brainon.ch/area51/visions/AspectJ.pdf"
}

@book{fowler1997,
    key = "fowler1997",
    author = "Martin Fowler",
    title = "Analysis Patterns. Reusable Object Models.",
    howpublished = "http://www.martinfowler.com",
    address = "Boston, Muenchen",
    publisher = "Addison-Wesley",
    note = "http://www.aw.com",
    year = "1997",
    annote = "ISBN 3-8273-1434-8"
}

@book{fowler2002,
    key = "fowler2002",
    author = "Martin Fowler et al.",
    title = "Patterns of Enterprise Application Architecture (Information Systems Architecture)",
    howpublished = "http://www.martinfowler.com/isa/index.html",
    address = "Boston, Muenchen",
    publisher = "Addison-Wesley",
    note = "http://www.aw.com",
    year = "2001-2002"
}

@mastersthesis{friedrich,
    key = "friedrich",
    author = "K. Friedrich",
    title = "Philosophie: Von der Antike bis zum Mittelalter - Thomas von Aquin",
    school = "Brandenburgische Technische Universitaet, Philosophie zwischen Weisheit und Wissenschaft",
    month = "January",
    year = "2001",
    type = "Student Presentation",
    address = "Cottbus",
    note = "http://www.evh.tu-cottbus.de/MaikKoch/TvA/node6.html"
}

@book{gamma1995,
    key = "gamma1995",
    author = "Erich Gamma, Richard Helm, Ralph Johnson und John Vlissides (Gang Of Four)",
    title = "Design Patterns. Elements of reusable object oriented Software.",
    address = "Bonn, Boston, Muenchen",
    publisher = "Addison-Wesley",
    note = "http://www.aw.com",
    year = "1995",
    edition = "1",
    annote = "ISBN 0-201-63361-2, ISBN 3-8931-9950-0 (German version)"
}

@book{gamma2002,
    key = "gamma2002",
    author = "Erich Gamma",
    title = "Patterns for Beginners",
    year = "2002",
    note = "http://c2.com/cgi/wiki?PatternsForBeginners/"
}

@misc{gnu,
    key = "gnu",
    author = "Free Software Foundation, Inc.",
    title = "GNU and other Licenses",
    year = "1999",
    note = "http://www.gnu.org/licenses/licenses.html"
}

@misc{gnumed,
    key = "gnumed",
    author = "The GNUmed Project",
    title = "Graphical User Interface forms",
    year = "2002-2004",
    note = "http://www.gnumed.org/screenshots.html"
}

@book{grand,
    key = "grand",
    author = "Mark Grand",
    title = "Patterns in Java: A Catalog of Reusable Design Patterns Illustrated with UML",
    publisher = "Wiley Publishing",
    volume = "1",
    edition = "2",
    month = "October",
    year = "2002",
    address = "Hoboken, Indianapolis, Weinheim",
    note = "http://www.wiley.com/WileyCDA/WileyTitle/productCd-0471227293.html"
}

@book{gruber,
    key = "gruber",
    author = "T. R. Gruber",
    title = "A Translation Approach to Portable Ontology Specifications",
    publisher = "Academic Press",
    year = "1993",
    month = "June",
    note = "http://www-ksl.stanford.edu/kst/what-is-an-ontology.html"
}

@book{gruhn,
    key = "gruhn",
    author = "Volker Gruhn, Andreas Thiel",
    title = "Komponentenmodelle. DCOM, JavaBeans, Enterprise JavaBeans, CORBA.",
    address = "Boston, Muenchen",
    publisher = "Addison-Wesley",
    note = "http://www.aw.com",
    year = "2000",
    annote = "ISBN 3-8273-1724-X"
}

@book{gumbel,
    key = "gumbel",
    author = "Markus Gumbel, Marcus Vetter, Carlos Cardenas",
    title = "Java Standard Libraries: Java 2 Collections Framework und Generic Collection Library for Java",
    publisher = "Addison-Wesley",
    year = "2000",
    series = "Professionelle Programmierung",
    address = "Muenchen, Boston, San Francisco",
    edition = "An imprint of Pearson Education",
    annote = "ISBN 3-8273-1635-9"
}

@book{haase,
    key = "haase",
    author = "Oliver Haase",
    title = "Kommunikation in verteilten Anwendungen",
    address = "Muenchen, Wien",
    publisher = "R. Oldenbourg Verlag",
    year = "2001"
}

@book{hamilton,
    key = "hamilton",
    author = "Graham Hamilton, Rick Cattell, Maydene Fisher",
    title = "JDBC Database Access with Java",
    address = "Reading/ Mass., Bonn, Boston, Muenchen",
    publisher = "Addison-Wesley",
    year = "1997"
}

@techreport{han,
    key = "han",
    author = "Ki-Joon Han",
    title = "SQL3 Standardization",
    institution = "Kon-Kuk University, Department of Computer Engeneering",
    year = "2002"
}

@misc{harrer,
    key = "harrer",
    author = "Andreas Harrer",
    title = "Muster in der Software-Technik (Skript und Materialien zur Vorlesung)",
    year = "2002",
    note = "http://wwwbruegge.in.tum.de/teaching/ss02/muster/"
}

@book{hartwig,
    key = "hartwig",
    author = "Jens Hartwig",
    title = "PostgreSQL, Professionell und praxisnah",
    address = "Muenchen",
    publisher = "Addison-Wesley",
    year = "2001"
}

@mastersthesis{heller1997,
    key = "heller1997",
    author = "Christian Heller",
    title = "Entwicklung eines Praktikumsversuches zu Neuronalen Netzen
        auf der Basis von Borland Delphi.",
    school = "Technical University of Ilmenau",
    year = "1997",
    type = "Master's Thesis (Diplomarbeit)",
    address = "Ilmenau",
    month = "July",
    note = "http://www.tuxtax.de/en/projects/resneuronum/index.html"
}

@article{hellerbohl,
    key = "hellerbohl",
    author = "Christian Heller, Jens Bohl, Torsten Kunze et al.",
    title = "Flexible Software Architectures for Presentation Layers
        demonstrated on Medical Documentation with Episodes and
        Inclusion of Topological Report",
    journal = "Journal of Free and Open Source Medical Computing (JOSMC)",
    year = "2003",
    month = "June",
    note = "http://www.josmc.net"
}

@article{hellerkunze,
    key = "hellerkunze",
    author = "Christian Heller, Torsten Kunze, Jens Bohl et al.",
    title = "A new Concept for System Communication",
    journal = "??",
    year = "2003",
    volume = "??",
    number = "??",
    pages = "??",
    month = "??",
    note = "http://www.cybop.net"
}

@book{hennessy,
    key = "hennessy",
    author = "John L. Hennessy, David A. Patterson",
    title = "Computer Architecture - A Quantitative Approach",
    address = "Amsterdam, Boston",
    publisher = "Morgan Kaufmann Publishers, Elsevier Science",
    note = "http://www.mkp.com",
    year = "2003",
    edition = "3",
    annote = "ISBN 1-55860-724-2"
}

@book{herczeg,
    key = "herczeg",
    author = "Michael Herczeg",
    title = "Software-Ergonomie: Grundlagen der Mensch-Computer-Kommunikation",
    address = "Bonn, Paris, Boston, Muenchen",
    publisher = "Addison-Wesley",
    year = "1994"
}

@mastersthesis{holzmueller,
    key = "holzmueller",
    author = "Rolf Holzmueller",
    title = "Erstellung intuitiver Web Frontends zur Terminplanung und Verwaltung administrativer Daten, basierend auf einem Webserver mit JSP Technologie, sowie Anbindung an ein medizinisches Informationssystem",
    school = "Technical University of Ilmenau",
    year = "2003",
    type = "Student Project (Studienarbeit)",
    address = "Ilmenau",
    month = "April",
    note = "http://www.cybop.net"
}

@incollection{jaeger,
    key = "jaeger",
    author = "Ludwig Jaeger",
    title = "Linguistik: Ohne Sprache undenkbar",
    booktitle = "Gehirn & Geist",
    pages = "36-42",
    publisher = "Spektrum der Wissenschaft",
    year = "2003",
    volume = "2",
    address = "http://www.spektrum.de",
    note = "http://www.gehirn-und-geist.de"
}

@misc{jakarta,
    key = "jakarta",
    author = "The Apache Project",
    title = "Apache Jakarta Open Source Solutions on the Java Platform",
    year = "1999-2004",
    note = "http://jakarta.apache.org/"
}

@misc{java,
    key = "java",
    author = "James Gosling, Bill Joy, Guy Steele et al.",
    title = "The Java Programming Language. The Java Development Kit (JDK).",
    note = "http://java.sun.com"
}

@misc{javaiaq,
    key = "javaiaq",
    author = "Peter Norvig",
    title = "The Java IAQ: Infrequently Answered Questions",
    note = "http://www.norvig.com/java-iaq.html"
}

@manual{javalanguage,
    key = "javalanguage",
    title = "The Java Language Specification",
    author = "James Gosling, Bill Joy, Guy Steele et al.",
    organization = "Sun Microsystems, Inc.",
    address = "http://java.sun.com",
    edition = "2.0",
    year = "1996-2000"
}

@misc{jdistro,
    key = "jdistro",
    author = "The JDistro Project",
    title = "JDistro Java Distribution",
    year = "2002-2004",
    note = "http://www.jdistro.com/"
}

@book{johnson,
    key = "johnson",
    author = "Michael K. Johnson, Erik W. Troan",
    title = "Anwendungen entwickeln unter Linux.",
    series = "Linux Specials",
    address = "Bonn, Reading/ Mass.",
    publisher = "Addison-Wesley Longman",
    note = "http://www.aw.com",
    year = "1998",
    edition = "1",
    annote = "ISBN 3-8273-1449-6"
}

@misc{jos,
    key = "jos",
    author = "The JOS Project",
    title = "Java Operating System",
    year = "2000-2004",
    note = "http://cjos.sourceforge.net/"
}

@misc{josgeneral,
    key = "josgeneral",
    author = "Gilbert Carl Herschberger II, Jonathon Tidswell, Stephen Crawley et al.",
    title = "The jos-general Mailing List",
    note = "jos-general@lists.sourceforge.net"
}

@mastersthesis{kanagasabapathi,
    key = "kanagasabapathi",
    author = "Kumanan Kanagasabapathi",
    title = "Erstellung und Anbindung intuitiver Frontends an eine Anwendung zur Verwaltung administrativer Personendaten unter Beachtung von Aspekten der Internationalisierung",
    school = "Technical University of Ilmenau",
    year = "2003",
    type = "Student Project (Studienarbeit)",
    address = "Ilmenau",
    month = "June",
    note = "http://www.cybop.net"
}

@book{klute,
    key = "klute",
    author = "Rainer Klute",
    title = "JDBC in der Praxis",
    address = "Bonn, Boston, Muenchen",
    publisher = "Addison-Wesley Longman",
    note = "http://www.aw.com",
    year = "1998"
}

@mastersthesis{kunze2002,
    key = "kunze2002",
    author = "Torsten Kunze, Jens Bohl",
    title = "Redesign eines Formularservers unter Beruecksichtigung der Performance
        der verwendeten Technologien",
    school = "Technical University of Ilmenau",
    year = "2002",
    type = "Student Project (Studienarbeit)",
    address = "Ilmenau"
}

@mastersthesis{kunze2003,
    key = "kunze2003",
    author = "Torsten Kunze",
    title = "Untersuchung zur Realisierbarkeit einer technologieneutralen
        Mapping-Schicht fuer den Datenaustausch am Beispiel einer Anwendung
        zum medizinischen Formulardruck als integrativer Bestandteil eines
        Electronic Health Record (EHR)",
    school = "Technical University of Ilmenau",
    year = "2003",
    type = "Master's Thesis (Diplomarbeit)",
    address = "Ilmenau",
    month = "January",
    note = "http://www.cybop.net"
}

@misc{little,
    key = "little",
    author = "Eric Little",
    title = "Initial Taxonomical Structure for Upper-Level Military Ontology Categories
        of Level 2 and 3 Information Fusion Constructs",
    howpublished = "Presentation",
    year = "2003",
    note = "http://www.acsu.buffalo.edu/~eglittle/current research/MILO (PWRPNT).ppt"
}

@book{maruyama,
    key = "maruyama",
    author = "Hiroshi Maruyama, Kent Tamura, Naohiko Uramoto",
    title = "XML and Java. Developing Web Applications.",
    address = "Bonn, Reading/ Mass.",
    publisher = "Addison-Wesley Longman",
    note = "http://www.aw.com",
    year = "1999",
    annote = "ISBN 0-201-48543-5"
}

@misc{megginson,
    key = "megginson",
    author = "David Megginson et al.",
    title = "About SAX",
    year = "2002-2004",
    note = "http://www.saxproject.org/"
}

@book{noack,
    key = "noack",
    editor = "Joerg Noack",
    title = "Techniken der objektorientierten Softwareentwicklung",
    publisher = "Springer",
    year = "2001",
    series = "Xpert.press",
    address = "Berlin, Heidelberg, New York",
    annote = "ISBN 3-540-41696-X"
}

@book{norvig,
    key = "norvig",
    author = "Peter Norvig",
    title = "Paradigms of Artificial Intelligence Programming: Case Studies in Common Lisp",
    publisher = "Morgan Kaufmann",
    year = "1992",
    annote = "ISBN 1-55860-191-0"
}

@misc{oio,
    key = "oio",
    author = "The OIO Project",
    title = "Open Infrastructure for Outcomes (OIO)",
    year = "2000-2004",
    note = "http://www.txoutcome.org"
}

@misc{ontology,
    key = "ontology",
    author = "Ontology.org Group",
    title = "Ontology.org independent Industry and Research Forum",
    howpublished = "Internet Website",
    year = "1998-2000",
    note = "http://www.ontology.org/"
}

@misc{openehr,
    key = "openehr",
    author = "OpenEHR Project",
    title = "Open Electronic Health Record (OpenEHR), formerly Good Electronic/ European Health Record (GEHR)",
    year = "2000-2004",
    note = "http://www.openehr.org"
}

@manual{openehrdesign,
    key = "openehrdesign",
    author = "Thomas Beale, A. Goodchild, S. Heard",
    title = "Design Principles for the EHR",
    organization = "Open Electronic Health Record (OpenEHR)",
    edition = "2.4",
    year = "2001-2002",
    note = "http://www.openehr.org/Doc_html/Model/Principles/design_principles.htm"
}

@misc{openehrtechnical,
    key = "openehrtechnical",
    author = "Thomas Beale, Philippe Ameline",
    title = "OpenEHR Technical Mailing List",
    year = "2002-2004",
    note = "<openehr-technical@openehr.org>",
    annote = "http://www.openehr.org/"
}

@misc{openemed,
    key = "openemed",
    author = "The OpenEMed Project",
    title = "OpenEMed",
    year = "1999-2004",
    note = "http://www.openemed.org"
}

@misc{openhealth,
    key = "openhealth",
    author = "Minoru Development",
    title = "Open Health Mailing List",
    year = "1999-2004",
    note = "<openhealth-list@minoru-development.com>",
    annote = "http://www.openhealth.com/"
}

@misc{oscar,
    key = "oscar",
    author = "The OSCAR/ McMaster Project",
    title = "Open Source Clinical Application and Resource from McMaster University (OSCAR)",
    year = "2002-2004",
    note = "http://sourceforge.net/projects/oscarmcmaster"
}

@misc{oshca,
    key = "oshca",
    author = "Open Source Health Care Alliance (OSHCA)",
    title = "OSHCA Homepage",
    year = "2002-2004",
    note = "http://www.oshca.org"
}

@article{ousterhout,
    key = "ousterhout",
    author = "John K. Ousterhout",
    title = "Scripting: Higher Level Programming for the 21st Century",
    howpublished = "http://home.pacbell.net/ouster/scripting.html",
    journal = "IEEE Computer magazine",
    year = "1998",
    month = "March"
}

@booklet{philippow,
    key = "philippow",
    author = "Ilka Philippow",
    title = "Grundlagen der Informatik",
    howpublished = "http://www.theoinf.tu-ilmenau.de/proinf/english/teaching/Lectures.html",
    year = "2003",
    month = "April"
}

@misc{picocontainer,
    key = "picocontainer",
    author = "Codehaus",
    title = "Pico Container",
    year = "2003-2004",
    note = "http://www.picocontainer.org/"
}

@misc{pl1,
    key = "pl1",
    author = "Webring",
    title = "The PL/1 Language",
    year = "2002",
    note = "http://home.nycap.rr.com/pflass/pli.htm"
}

@misc{poseidon,
    key = "poseidon",
    author = "Poseidon Software and Invention",
    title = "Base Valued Numbers",
    howpublished = "Internet Page",
    month = "November",
    year = "1998",
    note = "http://www.psinvention.com/zoetic/basenumb.htm"
}

@misc{postgresql,
    key = "postgresql",
    author = "The PostgreSQL Project",
    title = "PostgreSQL",
    year = "2000-2004",
    note = "http://www.postgresql.org"
}

@misc{postgresql2002,
    key = "postgresql2002",
    author = "The PostgreSQL Project",
    title = "PostgreSQL -- Multiversion Concurrency Control",
    year = "2002",
    note = "http://www.postgresql.org/idocs/index.php?mvcc.html"
}

@inproceedings{pree,
    key = "pree",
    author = "W. Pree",
    booktitle = "Proceedings of ECOOP '94",
    title = "Meta Patterns -- A Means for Capturing the Essentials of Reusable
        Object-Oriented Design",
    year = "1994",
    pages = "150-162"
}

@misc{resmedicinae,
    key = "resmedicinae",
    author = "The Res Medicinae project",
    title = "Res Medicinae -- Medical Information System",
    year = "1999-2004",
    note = "http://www.resmedicinae.org"
}

@manual{resmedicinae2001,
    key = "resmedicinae2001",
    author = "Karsten Hilbert, Christian Heller, Roland Colberg et al.",
    title = "Analysedokument zur Erstellung eines Informationssystems fuer
        den Einsatz in der Medizin",
    organization = "The Res Medicinae Free Software Project",
    year = "2001-2004",
    note = "http://www.resmedicinae.org/model/analysis"
}

@misc{rmi1995,
    key = "rmi1995",
    author = "SUN Microsystems",
    title = "RMI Tutorial",
    year = "1995",
    note = "http://java.sun.com/docs/books/tutorial/rmi/index.html"
}

@misc{rmi2000,
    key = "rmi2000",
    author = "The jGuru Portal",
    title = "Fundamentals of RMI",
    year = "2000",
    note = "http://developer.java.sun.com/developer/onlineTraining/rmi/RMI.html"
}

@misc{rvm,
    key = "rvm",
    author = "IBM",
    title = "Jikes Research Virtual Machine (Jikes RVM)",
    year = "2003-2004",
    note = "http://www-124.ibm.com/developerworks/oss/jikesrvm/"
}

@book{sanderson,
    key = "sanderson",
    author = "Rick Sanderson. <ricks@fourbit.com> The Fourbit Group.",
    note = "http://www.fourbit.com"
}

@misc{sax,
    key = "sax",
    author = "David Megginson et al.",
    title = "Simple API for XML (SAX)",
    howpublished = "Public Domain Software Project",
    year = "1997-2004",
    note = "http://www.saxproject.org/"
}

@booklet{schiedermeier,
    key = "schiedermeier",
    author = "R. Schiedermeier",
    title = "Programmieren I",
    howpublished = "http://www.informatik.fh-muenchen.de/~schieder/programmieren-1-ws96-97/struktpgm.html",
    year = "1996"
}

@misc{scope,
    key = "scope",
    author = "The Scope project",
    title = "Scope HMVC Java Framework",
    year = "2001-2004",
    note = "http://scope.sourceforge.net/"
}

@misc{seiner,
    key = "seiner",
    author = "Robert S. Seiner",
    title = "Is SQL a real standard anymore?",
    year = "2002",
    note = "http://www.tdan.com/i016hy01.htm"
}

@incollection{smith,
    key = "smith",
    editor = "Barry Smith, Christopher Welty",
    booktitle = "Formal Ontology and Information Systems",
    publisher = "ACM Press",
    address = "New York",
    year = "2001",
    note = "http://www.geog.buffalo.edu/ncgia/ontology/"
}

@misc{sourceforge,
    key = "sourceforge",
    author = "Open Source Development Network, Inc. (OSDN)",
    title = "The SourceForge.net Open Source Software Development Portal",
    year = "1999-2004",
    note = "http://www.sourceforge.net"
}

@book{sowa,
    key = "sowa",
    author = "John F. Sowa",
    title = "Knowledge Representation: Logical, Philosophical, and Computational Foundations",
    address = "Pacific Grove",
    publisher = "Brooks/Cole, Thomson Learning",
    year = "1997",
    annote = "ISBN 0 534-94965-7"
}

@misc{squirrel,
    key = "squirrel",
    author = "The SQuirreL Project",
    title = "SQuirreL Database Administration Application",
    year = "2002-2004",
    note = "http://squirrel-sql.sourceforge.net/"
}

@book{steppan,
    key = "steppan",
    author = "Bernhard Steppan",
    title = "Java-Programmierung mit Borland JBuilder 4",
    address = "Muenchen, Boston",
    publisher = "Addison-Wesley",
    note = "http://www.aw.com",
    year = "2001",
    annote = "ISBN 3-8273-1638-3"
}

@misc{strauss,
    key = "strauss",
    author = "Friedrich Strauss",
    title = "Ergonomische Gestaltung von Benutzerschnittstellen",
    howpublished = "Presentation",
    year = "2001"
}

@book{tanenbaum1995,
    key = "tanenbaum1995",
    author = "Andrew S. Tanenbaum",
    title = "Verteilte Betriebssysteme",
    address = "Muenchen, New York, London",
    publisher = "Prentice-Hall",
    note = "http://www.prentice-hall.com",
    year = "1995",
    annote = "ISBN 3-930436-23-X"
}

@book{tanenbaum1999,
    key = "tanenbaum1999",
    author = "Andrew S. Tanenbaum, James Goodman",
    title = "Computerarchitektur - Strukturen, Konzepte, Grundlagen",
    address = "Muenchen, London",
    publisher = "Prentice-Hall",
    note = "http://www.prentice-hall.com",
    year = "1999",
    edition = "4",
    annote = "ISBN 3-8272-9573-4"
}

@book{tanenbaum2000,
    key = "tanenbaum2000",
    author = "Andrew S. Tanenbaum",
    title = "Computernetzwerke",
    address = "Muenchen",
    publisher = "Pearson Studium",
    note = "http://www.pearson-studium.com",
    year = "2000",
    edition = "3",
    annote = "ISBN 3-8273-7011-6"
}

@book{tanenbaum2001,
    key = "tanenbaum2001",
    author = "Andrew S. Tanenbaum",
    title = "Modern Operating Systems",
    address = "New Jersey, London, Sydney",
    publisher = "Prentice-Hall",
    note = "http://www.prentice-hall.com",
    year = "2001",
    edition = "2",
    annote = "ISBN 0-13-031358-0"
}

@book{tanenbaum2002,
    key = "tanenbaum2002",
    author = "Andrew S. Tanenbaum, Maarten van Steen",
    title = "Distributed Systems - Principles and Paradigms",
    address = "New Jersey",
    publisher = "Prentice-Hall",
    note = "http://www.prentice-hall.com",
    year = "2002",
    annote = "ISBN 0-13-088893-1"
}

@misc{torch,
    key = "torch",
    author = "The Torch project (formerly FreePM)",
    title = "Torch",
    year = "1999-2004"
}

@misc{uml,
    key = "uml",
    author = "Object Management Group (OMG)",
    title = "Unified Modelling Language (UML)",
    note = "http://www.omg.org/uml"
}

@misc{urban,
    key = "urban",
    author = "Urban und Fischer Verlag, Muenchen",
    title = "Anatomical Images from Sobotta: Atlas der Anatomie",
    year = "2002",
    note = "http://www.urbanfischer.de"
}

@techreport{vinoski,
    key = "vinoski",
    author = "Steve Vinoski",
    title = "New features for CORBA 3.0",
    year = "2002"
}

@misc{w3c,
    key = "w3c",
    author = "World Wide Web Consortium (W3C)",
    title = "The World Wide Web Consortium Homepage",
    year = "2002-2004",
    note = "http://www.w3c.org/"
}

@misc{xml,
    key = "xml",
    author = "Oasis",
    title = "xml.org",
    year = "1999-2004",
    note = "http://www.xml.org/"
}

@book{zimmermann,
    key = "zimmermann",
    author = "Juergen Zimmermann, Gerd Beneken",
    title = "Verteilte Komponenten und Datenbankanbindung.
        Mehrstufige Architekturen mit SQLJ und Enterprise JavaBeansTM 2.0",
    address = "Boston, Muenchen",
    publisher = "Addison-Wesley",
    note = "http://www.aw.com",
    year = "2000",
    annote = "ISBN 3-8273-1552-2"
}

% Christopher Alexander: The Nature of Order
% http://www.natureoforder.com/overview.htm
% https://www.patternlanguage.com/cgi-bin/patternl/order.py

%
%http://wings.buffalo.edu/philosophy/faculty/smith/articles/gol\_fois2001.pdf

%
%c't 23, S. 96
%Kreativitaet "Erfinden nach Plan"
%Methodik, Philosophie, 40 Entwicklungsprinzipien (auch fuer SW) etc.

%
%Produktlinien
%http://www.sei.cmu.edu/plp/product\_line\_overview.html

%
%Raum + Zeit
%Statics + Dynamics
%Speicher (mit Daten) + Prozessor (in Analogie zum Computer)
%Objekte + Prozesse
%Space = Structure
%Time = Change of space (Zustandsaenderung des Raumes)
%Zeit ist immer relativ; kein Augenblick ist absolut, da man
%ihn immer in noch kleinere Zeiteinheiten unterteilen kann!
%Materie + Energie = 0 + 1? Raum-Zeit-Kontinuum?
%Beamen? Zeitmaschine?

%
%Biologie
%http://www.biologie.uni-hamburg.de/b-online/d00/inhalt.htm

%
%Bionics References
%http://www.designmatrix.com/bionics/referenc.html
%
%A sample bibliography includes:
%Aspects of Form - Lancelot law Whyte (editor) 
%Biomechanics - David Bootzin and Harry C. Muffley (eds.) 
%Bionics - Lucien Gerardin 
%Bionics - Vincent Marteka
%Definition of the Subject and Method of Bionics - V.I. Bel'kevich and E. Y.U. Vende
%Evolution and Design in the Plant Kingdom - C.L. Duddington 
%On Growth and Form - D'Arcy Thompson 
%Structure, Form and Movement - Heinrich Hertel 
%The Magic of the Senses - Vitus B. Droscher 
%... and many very technical publications about biological prototypes for synthetic systems.


